% This file was created with JabRef 2.4.2.
% Encoding: Cp1252

% WICHTIG: mehrere Autoren durch "and" trennen

@BOOK{ReichSchw,
            Title     = {VHDL Synthese: Entwurf digitaler Schaltungen und Systeme},
            Author    = {Jürgen Reichardt and Bernd Schwarz}, % Schlüsselwort 'and' für zwei Autoren
            ISBN      = {978-3-486-58192-8},
            Year      = {2007}, 
            Publisher = {Oldenbourg Verlag} }         


@BOOK{Thecompleterftechnicianshandbook, 
            Title     = {THE COMPLETE RF TECHNICIAN'S HANDBOOK},
            Author    = {Cotter, W. Sayre},
            ISBN      = {0-7906-1147-3},
            Year      = {1999},
            Publisher = {Howard W. Sams and Company} }


@BOOK{LehrbuchderHochfrequenztechnik,   
            Title     = {Lehrbuch der Hochfrequenztechnik},
            Author    = {Zinke, Brunswig},
            ISBN      = {3-540-51421-X},
            Year      = {2002},
            Publisher = {Springer-Verlag} }
            
@BOOK{RFIDHandbuch, 
            Title     = {RFID Handbuch},
            Author    = {Klaus Finkenzeller},
            ISBN      = {978-3-446-41200-2},
            Year      = {2008},
            Publisher = {Hanser} }

% Beispiel für Artikel 
@article{Xarticle,
    author    = "",
    title     = "",
    journal   = "",
    %volume   = "",
    %number   = "",
    %pages    = "",
    year      = "XXXX",
    %month    = "",
    %note     = "",
}


@BOOK{Goodliffe2007,
  title     = {Code Craft: The Practice of Writing Excellent Code},
  publisher = {No Starch Press},
  year      = {2007},
  author    = {Pete Goodliffe},
  isbn      = {1-59327-119-0},
  owner     = {Stefan},
  price     = {$44.95},
  timestamp = {2008.12.20},
  totalpages = {624},
  url = {http://amazon.com/o/ASIN/1593271190/}
}

@BOOKLET{OASIS2007,
  title = {About OASIS},
  author = {OASIS},
  lastchecked = {24.05.2007},
  year = {2007},
  owner = {Stefan},
  timestamp = {2007.05.24},
  url = {http://www.oasis-open.org/who/}
}

@BOOKLET{OASIS2007a,
  title = {Web Services Business Process Execution Language Version 2.0},
  author = {OASIS},
  lastchecked = {23.05.2007},
  month = {April},
  year = {2007},
  abstract = {This document defines a language for specifying business process behavior
	based on Web Services. This language is called Web Services Business },
  owner = {Stefan},
  timestamp = {2007.05.23},
  url = {http://docs.oasis-open.org/wsbpel/2.0/OS/wsbpel-v2.0-OS.pdf}
}

@BOOKLET{OASIS2006a,
  title = {Reference Model for Service Oriented Architecture 1.0},
  author = {OASIS},
  lastchecked = {23.05.2007},
  month = {August},
  year = {2006},
  abstract = {This Reference Model for Service Oriented Architecture is an abstract
	framework for},
  file = {OASIS2006a.pdf:D\:\\Profil\\Eigene Dateien\\Diplomarbeit\\Internetquellen\\OASIS2006a.pdf:PDF},
  owner = {Stefan},
  timestamp = {2007.05.23},
  url = {http://www.oasis-open.org/committees/download.php/19679/soa-rm-cs.pdf}
}

@BOOKLET{SAP2007,
  title = {Geschäftsbericht 2006},
  author = {SAP},
  lastchecked = {27.06.2007},
  month = {April},
  year = {2007},
  owner = {Stefan},
  timestamp = {2007.06.27},
  url = {http://www.sap.com/germany/company/investor/pdf/GB2006_D.pdf}
}

@BOOKLET{Software2007b,
  title = {Software AG übernimmt webMethods, Inc.},
  author = {{Software AG}},
  lastchecked = {27.06.2007},
  month = {Mai},
  year = {2007},
  owner = {Stefan},
  timestamp = {2007.06.27},
  url = {http://www.softwareag.com/de/company/latestnews/20070529_SoftwareAG_bernimmt_webMethodsInc_page.asp}
}

